<record><leader>00000cas a22000007a 4500</leader><controlfield tag="001">2261004</controlfield><controlfield tag="008">760620d1854185upauwr ne      0    0eng d</controlfield><controlfield tag="009">54</controlfield><datafield ind1=" " ind2=" " tag="010"><subfield code="a">sn 84026240 </subfield></datafield><datafield ind1=" " ind2=" " tag="040"><subfield code="a">PIT</subfield><subfield code="b">eng</subfield><subfield code="c">PIT</subfield><subfield code="d">NPU</subfield><subfield code="d">NPH</subfield></datafield><datafield ind1="1" ind2=" " tag="029"><subfield code="a">AU@</subfield><subfield code="b">000025841042</subfield></datafield><datafield ind1=" " ind2=" " tag="042"><subfield code="a">msc</subfield></datafield><datafield ind1="0" ind2="4" tag="245"><subfield code="a">The Family journal and Saturday visiter.</subfield></datafield><datafield ind1="0" ind2="3" tag="246"><subfield code="a">Family journal for town and country</subfield></datafield><datafield ind1="1" ind2="7" tag="246"><subfield code="a">Journal and visiter</subfield></datafield><datafield ind1="0" ind2="0" tag="246"><subfield code="a">Family journal</subfield></datafield><datafield ind1=" " ind2=" " tag="260"><subfield code="a">Pittsburgh, Pa. :</subfield><subfield code="b">Robt. M. Riddle,</subfield><subfield code="c">1854-</subfield></datafield><datafield ind1=" " ind2=" " tag="300"><subfield code="a">v. ;</subfield><subfield code="c">58 cm.</subfield></datafield><datafield ind1=" " ind2=" " tag="310"><subfield code="a">Weekly</subfield></datafield><datafield ind1="0" ind2=" " tag="362"><subfield code="a">Journal ser., vol. 11, no. 31 (Feb. 4, 1854)-  = Visiter ser., vol. 7, no. 1-</subfield></datafield><datafield ind1=" " ind2=" " tag="500"><subfield code="a">"Designed for the instruction and entertainment of the home circle, and the promotion of moral and social reform."</subfield></datafield><datafield ind1=" " ind2=" " tag="580"><subfield code="a">Formed by the union of: Saturday visiter, and: Family journal (Pittsburgh, Pa.)(non-extant).</subfield></datafield><datafield ind1=" " ind2=" " tag="752"><subfield code="a">United States</subfield><subfield code="b">Pennsylvania</subfield><subfield code="c">Allegheny</subfield><subfield code="d">Pittsburgh.</subfield></datafield><datafield ind1="0" ind2="4" tag="780"><subfield code="t">Saturday visiter</subfield><subfield code="w">(DLC)sn 85038389</subfield></datafield><datafield ind1="0" ind2="4" tag="780"><subfield code="t">Family journal (Pittsburgh, Pa.)</subfield></datafield></record>